@article{einstein,
    author = "Albert Einstein",
    title = "{Zur Elektrodynamik bewegter K{\"o}rper}. ({German})
    [{On} the electrodynamics of moving bodies]",
    journal = "Annalen der Physik",
    volume = "322",
    number = "10",
    pages = "891--921",
    year = "1905",
    DOI = "http://dx.doi.org/10.1002/andp.19053221004",
    keywords = "physics"
}

@inbook{taller,
    author = "Augusto Salazar",
     title = "Taller: Nociones de la memoria del computador",
     
}

@online{ingenieu,
    author = "Facultad de ingenieria, Universidad nacional de Uruguay.",
    title = "Arquitectura de computadoras - Memoria",
    url  = "https://www.fing.edu.uy/tecnoinf/mvd/cursos/arqcomp/material/teo/arq-teo09.pdf",
    addendum = "(accessed: 07/09/2020)",
    keywords= "memoria de computador",
}

@inbook{knuth-fa,
    author = "Donald E. Knuth",
    title = "Fundamental Algorithms",
    publisher = "Addison-Wesley",
    year = "1973",
    chapter = "1.2",
    keywords  = "knuth,programming"
}